@article{levitt1965lifecycle,
	author		=	{Levitt, Theodore},
	title		=	{Exploit the product life cycle},
	journal		=	{Harvard business review},
	volume		=	{43},
	pages		=	{81--94},
	year		=	{1965},
}

@article{porter1985competitiveadvantage,
	author		=	{Porter, Michael E},
	title		=	{Competitive Advantage: Creating and sustaining superior performance},
	journal		=	{Competitive advantage},
	volume		=	{167},
	pages		=	{167--206},
	year		=	{1985},
}

@article{lee1997bullwhip,
	author		=	{Lee, Hau L 
	and Padmanabhan, Venkata
	and Whang, Seungjin
	},
	title		=	{Information distortion in a supply chain: The bullwhip effect},
	journal		=	{Management science},
	volume		=	{43},
	number		=	{4},
	pages		=	{546--558},
	year		=	{1997},
	publisher	=	{Informs},
}

@book{jensen1997petrinet,
	author		=	{Jensen, Kurt},
	title		=	{Coloured Petri nets - Basic Concepts, Analysis Methods and Practical Use},
	journal		=	{EATCS Monographs on Theoretical Computer Science. Springer-Verlag},
	volume 		=	{3},
	year		=	{1997},
}

@book{fielding2000architecture,
	title		=	{Architectural styles and the design of network-based software architectures},
	author		=	{Fielding, Roy T and Taylor, Richard N},
	volume		=	{7},
	year		=	{2000},
	publisher	=	{University of California, Irvine Irvine},
	url			=	{https://restfulapi.net/http-methods/},
}

@article{kreger2001webservices,
	title		=	{Web services conceptual architecture (WSCA 1.0)},
	author		=	{Kreger, Heather and others},
	journal		=	{IBM software group},
	volume		=	{5},
	number		=	{1},
	pages		=	{6--7},
	year		=	{2001}
}

@article{gottschalk2002webservices,
	title		=	{Introduction to web services architecture},
	author		=	{Gottschalk, Karl and Graham, Stephen and Kreger, Heather and Snell, James},
	journal		=	{IBM systems Journal},
	volume		=	{41},
	number		=	{2},
	pages		=	{170--177},
	year		=	{2002},
	publisher	=	{IBM}
}

@article{booth2004webservice,
	title		=	{Web services architecture-W3C working group note 11 february 2004},
	author		=	{Booth, David and Haas, Hugo and McCabe, Francis and Newcomer, Eric and Champion, Michael and Ferris, Chris and Orchard, David},
	journal		=	{World Wide Web Consortium, article available from: http://www. w3. org/TR/ws-arch},
	pages		=	{13},
	year		=	{2004}
}

@article{ferris2004webservices,
	title		=	{Web services architecture},
	author		=	{Ferris, Chris},
	journal		=	{Standard, W3C World},
	pages		=	{10},
	year		=	{2004},
	publisher	=	{W3C Working Group},
}

@book{ballou2006cadeiasuprimentos,
	author		=	{Ballou, Ronald H},
	title		=	{Gerenciamento da Cadeia de Suprimentos/Logística Empresarial},
	year		=	{2006},
	publisher	=	{Bookman Editora},
}

@article{wahlster2007digitalmemory,
	author		=	{Wahlster, Wolfgang},
	title		=	{Digital product memory: Embedded systems keep a diary},
	journal		=	{Harting tec. News},
	volume		=	{15},
	pages		=	{7--9},
	year		=	{2007},
}

@article{bell2008soa,
	title		=	{Service-oriented modeling},
	author		=	{Bell, Michael},
	journal		=	{John Willey \& Sons, Inc},
	year		=	{2008},
	publisher	=	{Wiley Online Library}
}

@inproceedings{groba2008soa,
	title		=	{A service-oriented approach for increasing flexibility in manufacturing},
	author		=	{Groba, Christin and Braun, Iris and Springer, Thomas and Wollschlaeger, Martin},
	booktitle	=	{2008 IEEE International Workshop on Factory Communication Systems},
	pages		=	{415--422},
	year		=	{2008},
	organization=	{IEEE}
}

@article{trappey2008lifecycle,
	author		=	{Trappey, Charles V
				and Wu, Hsin-Ying
	},
	title		=	{An evaluation of the time-varying extended logistic, simple logistic, and Gompertz models for forecasting short product lifecycles},
	journal		=	{Advanced Engineering Informatics},
	volume		=	{22},
	number		=	{4},
	pages		=	{421--430},
	publisher	=	{Elsevier},
	year		=	{2008},
}

@inproceedings{candido2009soa,
	title		=	{Generic Management Services for DPWS-enabled devices},
	author		=	{C{\^a}ndido, G and Jammes, F and Barata, Jos{\'e} and Colombo, Armando W},
	booktitle	=	{2009 35th Annual Conference of IEEE Industrial Electronics},
	pages		=	{3931--3936},
	year		=	{2009},
	organization=	{IEEE}
}

@book{haftor2009information,
	author		=	{Haftor, Darek and Kajtazi, Miranda},
	title		=	{What is Information Logistics?: An explorative study of the Research Frontiers of Information Logistics},
	publisher	=	{Linnaeus University},
	year		=	{2009},
}

@article{radack2009exchangedata,
	title		=	{Industrial automation systems and integration—Exchange of characteristic data — Part 10: Characteristic data exchange format},
	author		=	{Radack, Gerald},
	year		=	{2009},
}

@book{giusto2010internet,
	author		=	{Giusto, Daniel
				and Iera, Antonio
				and Morabito, Giacomo
				and Atzori, Luigi
	},
	title		=	{The internet of things: 20th Tyrrhenian workshop on digital communications},
	
	year		=	{2010},
	publisher	=	{Springer Science \& Business Media},
}

@misc{liu2010marketingrisk,
	author 		=	{Liu, Martin J},
	title 		=	{Managing the Marketing Risk},
	year 		=	{2010},
	url 		=	{https://www.slideshare.net/umiss/mmm2},
}

@inproceedings{brandherm2011productmemory,
	author		=	{Brandherm, Boris
				and Kroner, Alexander
	},
	title		=	{Digital product memories and product life cycle},
	
	booktitle	=	{2011 Seventh International Conference on Intelligent Environments},
	pages		=	{374--377},
	organization=	{IEEE},
	year		=	{2011},
	
}

@article{kagermann2011industrie,
	author		=	{Kagermann, Henning
				and Lukas, Wolf-Dieter
				and Wahlster, Wolfgang
	},
	title		=	{Industrie 4.0: Mit dem Internet der Dinge auf dem Weg zur 4. industriellen Revolution},
	journal		=	{VDI nachrichten},
	volume		=	{13},
	number		=	{1},
	year		=	{2011},
	
	
}

@article{porter2011valorcompartilhado,
	author		=	{Porter, Michael E
	and Kramer, Mark R
	},
	title		=	{Criação de valor compartilhado},
	journal		=	{Harvard Business Review},
	volume		=	{89},
	number		=	{1/2},
	pages		=	{62--77},
	year		=	{2011},
}

@article{cao2012lifecycle,
	author		=	{Cao, Hui and Folan, Paul},
	title		=	{Product life cycle: the evolution of a paradigm and literature review from 1950--2009},
	journal		=	{Production Planning \& Control},
	volume		=	{23},
	number		=	{8},
	pages		=	{641--662},
	year		=	{2012},
	publisher	=	{Taylor \& Francis},
}

@misc{cscmp2013supplychainglossary,
	author 		=	{CSCMP},
	title 		=	{Supply Chain Management Definitions and Glossary},
	year 		=	{2013},
	url 		=	{https://cscmp.org/CSCMP/Educate/SCM_Definitions_and_Glossary_of_Terms/CSCMP/Educate/SCM_Definitions_and_Glossary_of_Terms.aspx},
}

@article{kagermann2013recommendations,
	author		=	{Kagermann, Henning 
				and Wahlster, Wolfgang
				and Helbig, Johannes
	},
	title		=	{Recommendations for implementing the strategic initiative Industrie 4.0: Final report of the Industrie 4.0 Working Group},
	journal		=	{Forschungsunion: Berlin, Germany},
	year		=	{2013},
}

@mastersthesis{souit2013soa,
	author		=	{Souit, Samira},
	title		=	{Orquestração de sistemas produtivos dispersos},
	school		=	{Universidade de São Paulo},
	year		=	{2013},
}

@misc{wahlster2013industrie,
	author		=	{Wahlster, Wolfgang},
	title		=	{Industrie 4.0: Active Semantic Product Memories for Smart Factories},
	year		=	{2013},
	publisher	=	{IDA 30th Year Celebration Seminar Link{\"o}ping},
}

@book{wahlster2013semprom,
	author		=	{Wahlster, Wolfgang},
	title		=	{SemProM: Foundations of Semantic Product Memories for the Internet of Things},
	year		=	{2013},
	publisher	=	{Springer},
}



@misc{acatech2014plattform,
	author		=	{acatech},
	title		=	{Neue Chancen f{\"u}r unsere Produktion. 17 Thesen des Wissenschaftlichen Beirats der Plattform Industrie 4.0},
	publisher	=	{Deutsche Akademie der Technikwissenschaften (acatech)},
	address		=	{Berlin},
	year		=	{2014},
	url 		=	{https://www.its-owl.de/fileadmin/PDF/Industrie_4.0/Thesen_des_wissenschaftlichen_Beirats_Industrie_4.0.pdf},
}

@article{aruvali2014objectmemory,
	author		=	{Aruv{\"a}li, Tanel
				and Maass, Wolfgang
				and Otto, Tauno
	},
	title		=	{Digital object memory based monitoring solutions in manufacturing processes},
	journal		=	{Procedia Engineering},
	volume		=	{69},
	pages		=	{449--458},
	year		=	{2014},
	publisher	=	{Elsevier},
}

@article{drath2014industrie,
	author		=	{Drath, Rainer
				and Horch Alexander
	},
	title		=	{Industrie 4.0: hit or hype?},
	
	journal		=	{Industrial Electronics Magazine},
	volume		=	{8},
	number		=	{2},
	pages		=	{56--58},
	year		=	{2014},
}

@article{lasi2014industryfour,
	author		=	{Lasi, Heiner
				and Fettke, Peter
				and Kemper, Hans-Georg
				and Feld, Thomas
				and Hoffmann, Michael
	},
	title		=	{Industry 4.0},
	journal		=	{Business \& Information Systems Engineering},
	publisher	=	{Springer},
	volume		=	{6},
	number		=	{4},
	pages		=	{239--242},
	year		=	{2014},
	issn		=	{1867-0202},
	doi			=	{10.1007/s12599-014-0334-4},
	url			=	{https://doi.org/10.1007/s12599-014-0334-4},
}

@inproceedings{paelke2014augmented,
	author		=	{Paelke, Volker},
	title		=	{Augmented reality in the smart factory: Supporting workers in an industry 4.0. environment},
	booktitle	=	{Proceedings of the 2014 IEEE Emerging Technology and Factory Automation (ETFA)},
	year		=	{2014},
	pages		=	{1-4},
	doi			=	{10.1109/ETFA.2014.7005252},
	ISSN		=	{1946-0759},
	month		=	{Sep.},
}

@article{vlachos2014rfidimpact,
	title		=	{A hierarchical model of the impact of RFID practices on retail supply chain performance},
	author		=	{Vlachos, Ilias P},
	journal		=	{Expert Systems with Applications},
	volume		=	{41},
	number		=	{1},
	pages		=	{5--15},
	year		=	{2014},
	publisher	=	{Elsevier}
}

@article{fan2015inventory,
	title		=	{Impact of RFID technology on supply chain decisions with inventory inaccuracies},
	author		=	{Fan, Tijun and Tao, Feng and Deng, Sheng and Li, Shuxia},
	journal		=	{International Journal of Production Economics},
	volume		=	{159},
	pages		=	{117--125},
	year		=	{2015},
	publisher	=	{Elsevier}
}

@incollection{stark2015lifecycle,
	author		=	{Stark, John},
	title		=	{Product lifecycle management},
	booktitle	=	{Product lifecycle management (Volume 1)},
	pages		=	{1--29},
	year		=	{2015},
	publisher	=	{Springer},
}

@article{russmann2015industryfour,
	author		=	{Rüßmann, Michael
	and Lorenz, Markus
	and Gerbert, Philipp
	and Waldner, Manuela
	and Justus, Jan
	and Engel, Pascal
	and Harnisch, Michael
	},
	title		=	{Industry 4.0: The future of productivity and growth in manufacturing industries},
	journal		=	{Boston Consulting Group},
	volume		=	{9},
	number		=	{1},
	pages		=	{54--89},
	year		=	{2015},
}

@article{toro2015intelligentsystems,
	author		=	{Toro, Carlos
				and Barandiaran, I{\~n}igo
				and Posada, Jorge
	},
	title		=	{A perspective on Knowledge Based and Intelligent systems implementation in Industrie 4.0},
	journal		=	{Procedia Computer Science},
	volume		=	{60},
	pages		=	{362--370},
	year		=	{2015},
	publisher	=	{Elsevier},
}

@article{hankel2015rami,
	author		=	{Hankel, Martin
	and Rexroth, Bosch
	},
	title		=	{The Reference Architectural Model Industrie 4.0 (RAMI 4.0)},
	journal		=	{ZVEI, April},
	volume		=	{410},
	year		=	{2015},
}

@misc{adolphs2015rami,
	author		=	{Adolphs, Peter
	and Bedenbender, Heinz
	and Dirzus, Dagmar
	and Ehlich, Martin
	and Epple, Ulrich
	and Hankel, Martin
	and Heidel, Roland
	and Hoffmeister, Michael
	and Huhle, Haimo
	and Kärcher, Bernd
	and Koziolek, Heiko	
	and Pichler, Reinhold
	and Pollmeier, Stefan
	and Schewe, Frank
	and Walter, Armin
	and Waser, Bernd
	and Wollschlaeger, Martin
	},
	title		=	{Reference Architecture Model Industrie 4.0 (RAMI4.0)},
	publisher	=	{ZVEI and VDI, Status report},
	year		=	{2015},
}

@article{weyer2015standardization,
	author		=	{Weyer, Stephan
				and Schmitt, Mathias
				and Ohmer, Moritz
				and Gorecky, Dominic
	},
	title		=	{Towards Industry 4.0-Standardization as the crucial challenge for highly modular, multi-vendor production systems},
	journal		=	{Ifac-Papersonline},
	volume		=	{48},
	number		=	{3},
	pages		=	{579--584},
	year		=	{2015},
	publisher	=	{Elsevier},
}

@article{adolphs2016structure,
	title		=	{Structure of the administration shell. continuation of the development of the reference model for the industrie 4.0 component},
	author		=	{Adolphs, P and Auer, S and Bedenbender, H and Billmann, M and Hankel, M and Heidel, R and Hoffmeister, M and Huhle, H and Jochem, M and Kiele, M and others},
	journal		=	{ZVEI and VDI, status report},
	year		=	{2016}
}

@article{alyahya2016rfidwarehousing,
	title		=	{Application and integration of an RFID-enabled warehousing management system--a feasibility study},
	author		=	{Alyahya, Saleh and Wang, Qian and Bennett, Nick},
	journal		=	{Journal of Industrial Information Integration},
	volume		=	{4},
	pages		=	{15--25},
	year		=	{2016},
	publisher	=	{Elsevier}
}

@misc{bitkom2016implementation,
	author		=	{Dorst, Wolfgang
					and Glohr, Carsten
					and Diegner, Bernhard
					and Diemer, Johannes
					and Adolphs, Peter
					and Bedenbender, Heinz
					and Jänicke, Lutz
					and Jochem, Michael
	},
	title		=	{Implementation Strategy Industrie 4.0},
	publisher	=	{Bitkom e.V., VDMA e.V., ZVEI e.V.},
	year		=	{2016}
}

@article{gruner2016restful,
	title		=	{RESTful industrial communication with OPC UA},
	author		=	{Gr{\"u}ner, Sten and Pfrommer, Julius and Palm, Florian},
	journal		=	{IEEE Transactions on Industrial Informatics},
	volume		=	{12},
	number		=	{5},
	pages		=	{1832--1841},
	year		=	{2016},
	publisher	=	{IEEE},
}

@inproceedings{hermann2016design,
	author		=	{Hermann, Mario
				and Pentek, Tobias
				and Otto, Boris
	},
	title		=	{Design principles for industrie 4.0 scenarios},
	booktitle	=	{49th Hawaii International Conference on System Sciences},
	pages		=	{3928--3937},
	organization=	{IEEE},
	year		=	{2016},
}

@misc{iec2017rami,
	author		=	{IEC},
	title		=	{Smart manufacturing – Reference architecture model industry 4.0 (RAMI4.0)},
	publisher	=	{IEC PAS 63088 - International Electrotechnical Commission},
	year		=	{2017},
}

@book{schwab2016fourth,
	author		=	{Schwab, Klaus},
	title		=	{The fourth industrial revolution},
	publisher	=	{Currency},
	year		=	{2016},
	
}

@inproceedings{yokotani2016mqtt,
	title		=	{Comparison with HTTP and MQTT on required network resources for IoT},
	author		=	{Yokotani, Tetsuya and Sasaki, Yuya},
	booktitle	=	{2016 international conference on control, electronics, renewable energy and communications (ICCEREC)},
	pages		=	{1--6},
	year		=	{2016},
	organization=	{IEEE},
}

@article{barreto2017industry,
	author		=	{Barreto, Luis and Amaral, Antonio and Pereira, Teresa},
	title		=	{Industry 4.0 implications in logistics: an overview},
	journal		=	{Procedia Manufacturing},
	volume		=	{13},
	pages		=	{1245--1252},
	year		=	{2017},
	publisher	=	{Elsevier},
}

@article{bedenbender2017aasexamples,
	author		=	{Bedenbender, Heinz
	and Billmann, Meik
	and Epple, Ulrich
	and Hadlich, Thomas
	and Hankel, Martin
	and Heidel, Roland
	and Hillermeier, Oliver
	and Hoffmeister, Michael
	and Huhle, Haimo
	and Jochem, Michael
	},
	title		=	{Examples of the Asset Administration Shell for Industrie 4.0 Components - Basic Part},
	journal		=	{ZVEI White Paper},
	year		=	{2017}
}

@article{bibi2017rfidfood,
	title		=	{A review: RFID technology having sensing aptitudes for food industry and their contribution to tracking and monitoring of food products},
	author		=	{Bibi, Fabien and Guillaume, Carole and Gontard, Nathalie and Sorli, Brice},
	journal		=	{Trends in Food Science \& Technology},
	volume		=	{62},
	pages		=	{91--103},
	year		=	{2017},
	publisher	=	{Elsevier}
}

@article{dieterich2017blockchain,
	author		=	{Dieterich, Vincent
				and Ivanovic, Marko
				and Meier, Thomas
				and Z{\"a}pfel, Sebastian
				and Utz, Manuel
				and Sandner, Philipp
	},
	title		=	{Application of blockchain technology in the manufacturing industry},
	journal		=	{Frankfurt School Blockchain Center, Germany},
	pages		=	{1--23},
	year		=	{2017},
}

@inproceedings{gosewehr2017middleware,
	title		=	{Specification and design of an industrial manufacturing middleware},
	author		=	{Gosewehr, Frederik and Wermann, Jeffrey and Borsych, Waldemar and Colombo, Armando Walter},
	booktitle	=	{2017 IEEE 15th International Conference on Industrial Informatics (INDIN)},
	pages		=	{1160--1166},
	year		=	{2017},
	organization=	{IEEE}
}

@inproceedings{schmittner2017mtom,
	author		=	{Schmittner, Christoph and Ma, Zhendong and Ruprechter, Thomas and Aldrian, Andreas},
	title		=	{Practical safe, secure and reliable machine-to-machine connectivity for cyber-physical-production systems},
	booktitle	=	{2017 22nd IEEE International Conference on Emerging Technologies and Factory Automation (ETFA)},
	pages		=	{1--4},
	year		=	{2017},
	organization=	{IEEE},
}

@article{strandhagen2017logistics,
	title		=	{Logistics 4.0 and emerging sustainable business models},
	author		=	{Strandhagen, Jan Ola and Vallandingham, Logan Reed and Fragapane, Giuseppe and Strandhagen, Jo Wessel and Stangeland, Aili Biriita H{\ae}tta and Sharma, Nakul},
	journal		=	{Advances in Manufacturing},
	volume		=	{5},
	number		=	{4},
	pages		=	{359--369},
	year		=	{2017},
	publisher	=	{Springer}
}

@inproceedings{bordeleau2018bi,
	author		=	{Bordeleau, Fanny-Eve 
				and Mosconi, Elaine
				and Santa-Eulalia, Luis Antonio
	},
	title		=	{Business Intelligence in Industry 4.0: State of the art and research opportunities},
	booktitle	=	{51st Hawaii International Conference on System Sciences},
	year		=	{2018},
}

@misc{adolph2018roadmap,	
	author		=	{Adolph, Lars
				and Ammon, Ernst
				and Bausch, Udo
				and Beck, Susanne
				and Bedenbender, Heinz
				and Bentkus, Alexander
				and Billmann, Meik
	},
	title		=	{German Standardization Roadmap: Industrie 4.0 - Version 3},
	publisher	=	{Berlin, DIN e.V.},
	year		=	{2018},
	url 		=	{www.din.de/go/roadmapindustrie40-en},
}

@misc{gayko2018ramistandardization,
	author		=	{Gayko, Jens},
	title		=	{The Reference Architectural Model RAMI4.0 and the Standardization Council as an element of success for Industry 4.0},
	publisher	=	{Standardization Council Industrie 4.0},
	year		=	{2018},
	url 		=	{https://www.din.de/blob/271306/340011c12b8592df728bee3815ef6ec2/06-smart-manufacturing-jens-gayko-data.pdf}
}

@book{hugos2018supplychain,
	author		=	{Hugos, Michael H},
	title		=	{Essentials of supply chain management},
	year		=	{2018},
	publisher	=	{John Wiley \& Sons},
}

@article{pisching2018equipmentrami,
	author		=	{Pisching, Marcos A
				and Pessoa, Marcosiris AO
				and Junqueira, Fabrício
				and Santos Filho, Diolino J
				and Miyagi, Paulo E
	},
	title		=	{An architecture based on RAMI 4.0 to discover equipment to process operations required by products},
	journal		=	{Computers \& Industrial Engineering},
	publisher	=	{Elsevier},
	volume		=	{125},
	pages		=	{574--591},
	year		=	{2018},
	doi			=	{10.1016/j.cie.2017.12.029},
	url			=	{https://doi.org/10.1016/j.cie.2017.12.029},
}

@phdthesis{pisching2018arquitetura,
	author		=	{Pisching, Marcos André},
	title		=	{Arquitetura para descoberta de equipamentos em processos de manufatura com foco na indústria 4.0.},
	school		=	{Universidade de São Paulo},
	year		=	{2018},
}

@article{vaidya2018industryfour,
	author		=	{Vaidya, Saurabh 
				and Ambad, Prashant
				and Bhosle, Santosh
	},
	title		=	{Industry 4.0 - A Glimpse},
	journal		=	{Procedia Manufacturing},
	volume		=	{20},
	pages		=	{233--238},
	publisher	=	{Elsevier},
	year		=	{2018},
}

@inproceedings{marcon2018asset,
	title		=	{The asset administration shell of operator in the platform of industry 4.0},
	author		=	{Marcon, Petr and Diedrich, Christian and Zezulka, Frantisek and Schr{\"o}der, Tizian and Belyaev, Alexander and Arm, Jakub and Benesl, Tomas and Bradac, Zdenek and Vesely, Ivo},
	booktitle	=	{2018 18th International Conference on Mechatronics-Mechatronika (ME)},
	pages		=	{1--5},
	year		=	{2018},
	organization=	{IEEE},	
}

@misc{annunziata2019maas,
	author		=	{Marco Annunziata},
	title		=	{Manufacturing-As-A-Service Platforms: The New Efficiency Revolution},
	publisher	=	{Forbes},
	year		=	{2019},
	url 		=	{https://www.forbes.com/sites/marcoannunziata/2019/05/13/manufacturing-as-a-service-platforms-the-new-efficiency-revolution},
}

@misc{bader2019aas,
	author 		= {Bader, Sebastian
				and Barnstedt, Erich
				and Bedenbender, Heinz
				and Billmann, Meik
				and Boss, Birgit
				and Braunmandl, Andre
				and Clauer, Erich			
				and Deppe, Torben
				and Diedrich, Christian
				and Flubacher, Björn
				and Fritsche, Wolfgang
				and Garrels, Kai
				and Graf Gatterburg, Andreas
				and Hankel, Martin
				and Hillermeier, Oliver
				and Hoffmeister, Michael
				and Jochem, Michael
				and Kogan, Yevgen
				and Koziolek, Heiko
				and Ziesche, Constantin
	},
	
	title = {Details of the Asset Administration Shell. Part1 - The exchange of information between partners in the value chain of Industrie 4.0 (Version 2.0)},
	publisher = {Federal Ministry for Economic Affairs and Energy (BMWi), Berlin},
	year = {2019},
}

@misc{germany2019plattform,
	author		=	{Germany},
	title		=	{Plattform Industrie 4.0 - Digital Transformation “Made in Germany”},
	publisher	=	{Federal Ministry for Economic Affairs and Evergy (BMWi)},
	address		=	{Berlin},
	year		=	{2019},
	url 		=	{https://www.plattform-i40.de/PI40/Redaktion/EN/Downloads/Publikation/plattform-flyer-en.html},
}

@article{hirsch-kreinsen2019keythemes,
	author 		=	{Hirsch-Kreinsen, Hartmut
				and Kubach, Uwe
				and Stark, Rainer
				and von Wichert, Georg
				and Hornung, Simone
				and Hubrecht, Lisa
				and Sedlmeir, Joachim
				and Steglich, Dr. Steffen
	},
	title 		=	{Key themes of Industrie 4.0},
	journal		=	{Plattform Industrie 4.0 - Research Council},
	url			=	{https://www.plattform-i40.de/PI40/Redaktion/EN/Downloads/Publikation/acatech-keythemes-industrie-4-0.html},
	year 		= 	{2019},
}

@misc{plattform2019detailsaas,
	author		=	{{Plattform Industrie 4.0}},
	title		=	{Details of the Administration Shell - From idea to implementation},
	publisher	=	{Plattform Industrie 4.0},
	year		=	{2019},
	url			= 	{https://www.plattform-i40.de/PI40/Redaktion/EN/Downloads/Publikation/vws-in-detail-presentation.html`}
}

@misc{siepen2019maas,
	author		=	{Sven Siepen},
	title		=	{Manufacturing-as-a-Service},
	publisher	=	{LinkedIn arcticles},
	year		=	{2019},
	url 		=	{https://www.linkedin.com/pulse/manufacturing-as-a-service-sven-siepen/},
}

@article{ye2019aas,
	author		=	{X. {Ye}
				and S. H. {Hong}
	},
	title		=	{Toward Industry 4.0 Components: Insights Into and Implementation of Asset Administration Shells},
	journal		=	{IEEE Industrial Electronics Magazine},
	year		=	{2019},
	volume		=	{13},
	number		=	{1},
	pages		=	{13-25},
	doi			=	{10.1109/MIE.2019.2893397},
	ISSN		=	{1941-0115},
	month		=	{March},
}

@misc{zvei2019aas,
	author		=	{ZVEI},
	title		=	{The Asset Administration Shell: Implementing Digital Twins for Use in Industrie 4.0 - Making Industrie 4.0 components interoperable},
	publisher	=	{ZVEI e.V. - Die Elektroindustrie},
	year		=	{2019},
	url 		=	{https://www.plattform-i40.de/PI40/Redaktion/DE/Downloads/Publikation/VWSiD%20V2.0.pdf},
}

@misc{nichols2020maas,
	author		=	{Megan Ray Nichols},
	title		=	{The Rise of Manufacturing as a Service},
	publisher	=	{BOSS Magazine},
	year		=	{2019},
	url 		=	{https://thebossmagazine.com/manufacturing-as-a-service/},
}

@misc{zuhlke2020digitalmemory,
	author 		=	{Zühlke},
	title 		=	{Push digital innovation},
	year 		=	{2020},
	url 		=	{https://www.zuehlke.com/at/en/industries/machinery-electronics-and-metal-industries/},
}

@misc{morris2017relationaldatabase,
	author 		=	{John Scooter Morris},
	title 		=	{Relational Database Technology},
	year 		=	{2017},
	url 		=	{https://www.rbvi.ucsf.edu/Outreach/bmi219/slides/relational_databases.html},
}

@misc{schaefer2019nosql,
	author 		=	{Lauren Schaefer},
	title 		=	{What is NoSQL},
	year 		=	{2019},
	url 		=	{https://www.mongodb.com/nosql-explained},
}

@misc{redhat2020orchestration,
	author 		=	{{Red Hat Foundation}},
	title 		=	{What is container orchestration},
	year 		=	{2020},
	url 		=	{https://www.redhat.com/en/topics/containers/what-is-container-orchestration},
}

@misc{mulbert2005sistemas,
	author 		=	{Ana Luísa Mülbert and Nilce Miranda Ayres},
	title 		=	{Fundamentos para Sistemas de Informação},
	year 		=	{2005},
	publisher 	=	{Universidade do Sul de Santa Catarina},
}

@article{oliveira2016supplychain,
	title		=	{Perspectives and relationships in Supply Chain Simulation: A systematic literature review},
	author		=	{Oliveira, Josenildo Brito and Lima, Renato Silva and Montevechi, Jos{\'e} Arnaldo Barra},
	journal		=	{Simulation Modelling Practice and Theory},
	volume		=	{62},
	pages		=	{166--191},
	year		=	{2016},
	publisher	=	{Elsevier}
}

@book{miyagi1996controle,
	title		=	{Controle program{\'a}vel: fundamentos do controle de sistemas a eventos discretos},
	author		=	{Miyagi, Paulo Eigi},
	year		=	{1996},
	publisher	=	{Editora Blucher}
}

@inproceedings{pisching2018pfs,
	title		=	{PFS/PN technique to model Industry 4.0 systems based on RAMI 4.0},
	author		=	{Pisching, Marcos A and Pessoa, Marcosiris AO and Junqueira, Fabricio and Miyagi, Paulo E},
	booktitle	=	{2018 IEEE 23rd International Conference on Emerging Technologies and Factory Automation (ETFA)},
	volume		=	{1},
	pages		=	{1153--1156},
	year		=	{2018},
	organization=	{IEEE}
}

@inproceedings{vitoi2019logistica,
	title		=	{Análise de implementação de IoT na cadeia logística},
	author		=	{Abrantes Vitoi, Henrique
				AND Junqueira, Fabrício
				AND Eigi Miyagi, Paulo},
	booktitle	=	{39\textsuperscript{o} Encontro Nacional de Engenharia de Produção},
	year		=	{2019},
	booktitle	=	{XXXIX Encontro Nacional de Engenharia de Produção - ENEGEP},
	organization=	{ABEPRO}
}

@inproceedings{coda2019bigdata,
	title		=	{Big data on machine to machine integration’s requirement analysis within Industry 4.0},
	author		=	{Coda, Felipe A
				AND	M Salles, Rafael 
				AND Abrantes Vitoi, Henrique
				AND Pessoa, Marcosiris AO
				AND Moscato, Lucas A 
				AND Santos Filho, Diolino J 
				AND Junqueira, Fabr{\'\i}cio 
				AND Miyagi, Paulo E},
	booktitle	=	{Doctoral Conference on Computing, Electrical and Industrial Systems (DoCEIS) - Technological Innovation for Industry and Service Systems},
	pages		=	{247--254},
	year		=	{2019},
	organization=	{Springer}
}

@article{odonovan2015maintenance,
	title		=	{An industrial big data pipeline for data-driven analytics maintenance applications in large-scale smart manufacturing facilities},
	author		=	{O’Donovan, Peter and Leahy, Kevin and Bruton, Ken and O’Sullivan, Dominic TJ},
	journal		=	{Journal of Big Data},
	volume		=	{2},
	number		=	{1},
	pages		=	{25},
	year		=	{2015},
	publisher	=	{Springer}
}

@misc{brasil2018lgpd,
	author 		=	{Brasil},
	title 		=	{Lei Nº 13.709, de 14 de agosto de 2018 - Lei Geral de Proteção de Dados Pessoais (LGPD)},
	journal		= {Diário Oficial [da] República Federativa do Brasil},
	year 		=	{2018},
	address		= {Brasília, DF},
	url			= {http://www.planalto.gov.br/ccivil_03/_ato2015-2018/2018/lei/L13709.htm},
}
