@article{levitt1965lifecycle,
	author		=	{Levitt, Theodore},
	title		=	{Exploit the product life cycle},
	journal		=	{Harvard business review},
	volume		=	{43},
	pages		=	{81--94},
	year		=	{1965},
}

@article{porter1985competitiveadvantage,
	author		=	{Porter, Michael E},
	title		=	{Competitive Advantage: Creating and sustaining superior performance},
	journal		=	{Competitive advantage},
	volume		=	{167},
	pages		=	{167--206},
	year		=	{1985},
}

@article{lee1997bullwhip,
	author		=	{Lee, Hau L 
	and Padmanabhan, Venkata
	and Whang, Seungjin
	},
	title		=	{Information distortion in a supply chain: The bullwhip effect},
	journal		=	{Management science},
	volume		=	{43},
	number		=	{4},
	pages		=	{546--558},
	year		=	{1997},
	publisher	=	{Informs},
}

@book{jensen1997petrinet,
	author		=	{Jensen, Kurt},
	title		=	{Coloured Petri nets - Basic Concepts, Analysis Methods and Practical Use},
	journal		=	{EATCS Monographs on Theoretical Computer Science. Springer-Verlag},
	volume 		=	{3},
	year		=	{1997},
}

@book{ballou2006cadeiasuprimentos,
	author		=	{Ballou, Ronald H},
	title		=	{Gerenciamento da Cadeia de Suprimentos/Logística Empresarial},
	year		=	{2006},
	publisher	=	{Bookman Editora},
}

@article{wahlster2007digitalmemory,
	author		=	{Wahlster, Wolfgang},
	title		=	{Digital product memory: Embedded systems keep a diary},
	journal		=	{Harting tec. News},
	volume		=	{15},
	pages		=	{7--9},
	year		=	{2007},
}

@article{trappey2008lifecycle,
	author		=	{Trappey, Charles V
				and Wu, Hsin-Ying
	},
	title		=	{An evaluation of the time-varying extended logistic, simple logistic, and Gompertz models for forecasting short product lifecycles},
	journal		=	{Advanced Engineering Informatics},
	volume		=	{22},
	number		=	{4},
	pages		=	{421--430},
	publisher	=	{Elsevier},
	year		=	{2008},
}

@book{giusto2010internet,
	author		=	{Giusto, Daniel
				and Iera, Antonio
				and Morabito, Giacomo
				and Atzori, Luigi
	},
	title		=	{The internet of things: 20th Tyrrhenian workshop on digital communications},
	
	year		=	{2010},
	publisher	=	{Springer Science \& Business Media},
}

@misc{liu2010marketingrisk,
	author 		=	{Liu, Martin J},
	title 		=	{Managing the Marketing Risk},
	year 		=	{2010},
	url 		=	{https://www.slideshare.net/umiss/mmm2},
}

@inproceedings{brandherm2011productmemory,
	author		=	{Brandherm, Boris
				and Kroner, Alexander
	},
	title		=	{Digital product memories and product life cycle},
	
	booktitle	=	{2011 Seventh International Conference on Intelligent Environments},
	pages		=	{374--377},
	organization=	{IEEE},
	year		=	{2011},
	
}

@article{kagermann2011industrie,
	author		=	{Kagermann, Henning
				and Lukas, Wolf-Dieter
				and Wahlster, Wolfgang
	},
	title		=	{Industrie 4.0: Mit dem Internet der Dinge auf dem Weg zur 4. industriellen Revolution},
	journal		=	{VDI nachrichten},
	volume		=	{13},
	number		=	{1},
	year		=	{2011},
	
	
}

@article{porter2011valorcompartilhado,
	author		=	{Porter, Michael E
	and Kramer, Mark R
	},
	title		=	{Criação de valor compartilhado},
	journal		=	{Harvard Business Review},
	volume		=	{89},
	number		=	{1/2},
	pages		=	{62--77},
	year		=	{2011},
}

@article{cao2012lifecycle,
	author		=	{Cao, Hui and Folan, Paul},
	title		=	{Product life cycle: the evolution of a paradigm and literature review from 1950--2009},
	journal		=	{Production Planning \& Control},
	volume		=	{23},
	number		=	{8},
	pages		=	{641--662},
	year		=	{2012},
	publisher	=	{Taylor \& Francis},
}

@misc{cscmp2013supplychainglossary,
	author 		=	{CSCMP},
	title 		=	{Supply Chain Management Definitions and Glossary},
	year 		=	{2013},
	url 		=	{https://cscmp.org/CSCMP/Educate/SCM_Definitions_and_Glossary_of_Terms/CSCMP/Educate/SCM_Definitions_and_Glossary_of_Terms.aspx},
}

@article{kagermann2013recommendations,
	author		=	{Kagermann, Henning 
				and Wahlster, Wolfgang
				and Helbig, Johannes
	},
	title		=	{Recommendations for implementing the strategic initiative Industrie 4.0: Final report of the Industrie 4.0 Working Group},
	journal		=	{Forschungsunion: Berlin, Germany},
	year		=	{2013},
}

@mastersthesis{souit2013soa,
	author		=	{Souit, Samira},
	title		=	{Orquestração de sistemas produtivos dispersos},
	school		=	{Universidade de São Paulo},
	year		=	{2013},
}

@book{wahlster2013semprom,
	author		=	{Wahlster, Wolfgang},
	title		=	{SemProM: Foundations of Semantic Product Memories for the Internet of Things},
	year		=	{2013},
	publisher	=	{Springer},
}

@misc{acatech2014plattform,
	author		=	{acatech},
	title		=	{Neue Chancen f{\"u}r unsere Produktion. 17 Thesen des Wissenschaftlichen Beirats der Plattform Industrie 4.0},
	publisher	=	{Deutsche Akademie der Technikwissenschaften (acatech)},
	address		=	{Berlin},
	year		=	{2014},
	url 		=	{https://www.its-owl.de/fileadmin/PDF/Industrie_4.0/Thesen_des_wissenschaftlichen_Beirats_Industrie_4.0.pdf},
}

@article{aruvali2014objectmemory,
	author		=	{Aruv{\"a}li, Tanel
				and Maass, Wolfgang
				and Otto, Tauno
	},
	title		=	{Digital object memory based monitoring solutions in manufacturing processes},
	journal		=	{Procedia Engineering},
	volume		=	{69},
	pages		=	{449--458},
	year		=	{2014},
	publisher	=	{Elsevier},
}

@article{drath2014industrie,
	author		=	{Drath, Rainer
				and Horch Alexander
	},
	title		=	{Industrie 4.0: hit or hype?},
	
	journal		=	{Industrial Electronics Magazine},
	volume		=	{8},
	number		=	{2},
	pages		=	{56--58},
	year		=	{2014},
}

@article{lasi2014industryfour,
	author		=	{Lasi, Heiner
				and Fettke, Peter
				and Kemper, Hans-Georg
				and Feld, Thomas
				and Hoffmann, Michael
	},
	title		=	{Industry 4.0},
	journal		=	{Business \& Information Systems Engineering},
	publisher	=	{Springer},
	volume		=	{6},
	number		=	{4},
	pages		=	{239--242},
	year		=	{2014},
	issn		=	{1867-0202},
	doi			=	{10.1007/s12599-014-0334-4},
	url			=	{https://doi.org/10.1007/s12599-014-0334-4},
}

@inproceedings{paelke2014augmented,
	author		=	{Paelke, Volker},
	title		=	{Augmented reality in the smart factory: Supporting workers in an industry 4.0. environment},
	booktitle	=	{Proceedings of the 2014 IEEE Emerging Technology and Factory Automation (ETFA)},
	year		=	{2014},
	pages		=	{1-4},
	doi			=	{10.1109/ETFA.2014.7005252},
	ISSN		=	{1946-0759},
	month		=	{Sep.},
}

@article{toro2015intelligentsystems,
	author		=	{Toro, Carlos
				and Barandiaran, I{\~n}igo
				and Posada, Jorge
	},
	title		=	{A perspective on Knowledge Based and Intelligent systems implementation in Industrie 4.0},
	journal		=	{Procedia Computer Science},
	volume		=	{60},
	pages		=	{362--370},
	year		=	{2015},
	publisher	=	{Elsevier},
}

@article{hankel2015rami,
	author		=	{Hankel, Martin
	and Rexroth, Bosch
	},
	title		=	{The Reference Architectural Model Industrie 4.0 (RAMI 4.0)},
	journal		=	{ZVEI, April},
	volume		=	{410},
	year		=	{2015},
}

@misc{adolphs2015rami,
	author		=	{Adolphs, Peter
	and Bedenbender, Heinz
	and Dirzus, Dagmar
	and Ehlich, Martin
	and Epple, Ulrich
	and Hankel, Martin
	and Heidel, Roland
	and Hoffmeister, Michael
	and Huhle, Haimo
	and Kärcher, Bernd
	and Koziolek, Heiko	
	and Pichler, Reinhold
	and Pollmeier, Stefan
	and Schewe, Frank
	and Walter, Armin
	and Waser, Bernd
	and Wollschlaeger, Martin
	},
	title		=	{Reference Architecture Model Industrie 4.0 (RAMI4.0)},
	publisher	=	{ZVEI and VDI, Status report},
	year		=	{2015},
}

@article{weyer2015standardization,
	author		=	{Weyer, Stephan
				and Schmitt, Mathias
				and Ohmer, Moritz
				and Gorecky, Dominic
	},
	title		=	{Towards Industry 4.0-Standardization as the crucial challenge for highly modular, multi-vendor production systems},
	journal		=	{Ifac-Papersonline},
	volume		=	{48},
	number		=	{3},
	pages		=	{579--584},
	year		=	{2015},
	publisher	=	{Elsevier},
}

@misc{bitkom2016implementation,
	author		=	{bitkom
				and VDMA
				and ZVEI
	},
	title		=	{Implementation Strategy Industrie 4.0},
	publisher	=	{Bitkom e.V., VDMA e.V., ZVEI e.V.},
	year		=	{2016},
	url 		=	{www.din.de/go/roadmapindustrie40-en},
}

@inproceedings{hermann2016design,
	author		=	{Hermann, Mario
				and Pentek, Tobias
				and Otto, Boris
	},
	title		=	{Design principles for industrie 4.0 scenarios},
	booktitle	=	{49th Hawaii International Conference on System Sciences},
	pages		=	{3928--3937},
	organization=	{IEEE},
	year		=	{2016},
}

@book{schwab2016fourth,
	author		=	{Schwab, Klaus},
	title		=	{The fourth industrial revolution},
	publisher	=	{Currency},
	year		=	{2016},
	
}

@article{dieterich2017blockchain,
	author		=	{Dieterich, Vincent
				and Ivanovic, Marko
				and Meier, Thomas
				and Z{\"a}pfel, Sebastian
				and Utz, Manuel
				and Sandner, Philipp
	},
	title		=	{Application of blockchain technology in the manufacturing industry},
	journal		=	{Frankfurt School Blockchain Center, Germany},
	pages		=	{1--23},
	year		=	{2017},
}

@inproceedings{bordeleau2018bi,
	author		=	{Bordeleau, Fanny-Eve 
				and Mosconi, Elaine
				and Santa-Eulalia, Luis Antonio
	},
	title		=	{Business Intelligence in Industry 4.0: State of the art and research opportunities},
	booktitle	=	{51st Hawaii International Conference on System Sciences},
	year		=	{2018},
}

@misc{adolph2018roadmap,	
	author		=	{Adolph, Lars
				and Ammon, Ernst
				and Bausch, Udo
				and Beck, Susanne
				and Bedenbender, Heinz
				and Bentkus, Alexander
				and Billmann, Meik
	},
	title		=	{German Standardization Roadmap: Industrie 4.0 - Version 3},
	publisher	=	{Berlin, DIN e.V.},
	year		=	{2018},
	url 		=	{www.din.de/go/roadmapindustrie40-en},
}

@book{hugos2018supplychain,
	author		=	{Hugos, Michael H},
	title		=	{Essentials of supply chain management},
	year		=	{2018},
	publisher	=	{John Wiley \& Sons},
}

@article{pisching2018equipmentrami,
	author		=	{Pisching, Marcos A
				and Pessoa, Marcosiris AO
				and Junqueira, Fabrício
				and Santos Filho, Diolino J
				and Miyagi, Paulo E
	},
	title		=	{An architecture based on RAMI 4.0 to discover equipment to process operations required by products},
	journal		=	{Computers \& Industrial Engineering},
	publisher	=	{Elsevier},
	volume		=	{125},
	pages		=	{574--591},
	year		=	{2018},
	doi			=	{10.1016/j.cie.2017.12.029},
	url			=	{https://doi.org/10.1016/j.cie.2017.12.029},
}

@phdthesis{pisching2018arquitetura,
	author		=	{Pisching, Marcos André},
	title		=	{Arquitetura para descoberta de equipamentos em processos de manufatura com foco na indústria 4.0.},
	school		=	{Universidade de São Paulo},
	year		=	{2017},
}

@article{vaidya2018industryfour,
	author		=	{Vaidya, Saurabh 
				and Ambad, Prashant
				and Bhosle, Santosh
	},
	title		=	{Industry 4.0 - A Glimpse},
	journal		=	{Procedia Manufacturing},
	volume		=	{20},
	pages		=	{233--238},
	publisher	=	{Elsevier},
	year		=	{2018},
}

@misc{germany2019plattform,
	author		=	{Germany},
	title		=	{Plattform Industrie 4.0 - Digital Transformation “Made in Germany”},
	publisher	=	{Federal Ministry for Economic Affairs and Evergy (BMWi)},
	address		=	{Berlin},
	year		=	{2019},
	url 		=	{https://www.plattform-i40.de/PI40/Redaktion/EN/Downloads/Publikation/plattform-flyer-en.html},
}

@article{hirsch-kreinsen2019keythemes,
	author 		=	{Hirsch-Kreinsen, Hartmut
				and Kubach, Uwe
				and Stark, Rainer
				and von Wichert, Georg
				and Hornung, Simone
				and Hubrecht, Lisa
				and Sedlmeir, Joachim
				and Steglich, Dr. Steffen
	},
	title 		=	{Key themes of Industrie 4.0},
	journal		=	{Plattform Industrie 4.0 - Research Council},
	url			=	{https://www.plattform-i40.de/PI40/Redaktion/EN/Downloads/Publikation/acatech-keythemes-industrie-4-0.html},
	year 		= 	{2019},
}

@misc{zuhlke2020digitalmemory,
	author 		=	{Zühlke},
	title 		=	{Push digital innovation},
	year 		=	{2020},
	url 		=	{https://www.zuehlke.com/at/en/industries/machinery-electronics-and-metal-industries/},
}








@incollection{stark2015lifecycle,
	author		=	{Stark, John},
	title		=	{Product lifecycle management},
	booktitle	=	{Product lifecycle management (Volume 1)},
	pages		=	{1--29},
	year		=	{2015},
	publisher	=	{Springer},
}

@misc{wahlster2013industrie,
	author		=	{Wahlster, Wolfgang},
	title		=	{Industrie 4.0: Active Semantic Product Memories for Smart Factories},
	year		=	{2013},
	publisher	=	{IDA 30th Year Celebration Seminar Link{\"o}ping},
}

@inproceedings{schmittner2017mtom,
	author		=	{Schmittner, Christoph and Ma, Zhendong and Ruprechter, Thomas and Aldrian, Andreas},
	title		=	{Practical safe, secure and reliable machine-to-machine connectivity for cyber-physical-production systems},
	booktitle	=	{2017 22nd IEEE International Conference on Emerging Technologies and Factory Automation (ETFA)},
	pages		=	{1--4},
	year		=	{2017},
	organization=	{IEEE},
}

@article{russmann2015industryfour,
	author		=	{Rüßmann, Michael
				and Lorenz, Markus
				and Gerbert, Philipp
				and Waldner, Manuela
				and Justus, Jan
				and Engel, Pascal
				and Harnisch, Michael
	},
	title		=	{Industry 4.0: The future of productivity and growth in manufacturing industries},
	journal		=	{Boston Consulting Group},
	volume		=	{9},
	number		=	{1},
	pages		=	{54--89},
	year		=	{2015},
}

@misc{bader2019aas,
	author 		= {Bader, Sebastian
				and Barnstedt, Erich
				and Bedenbender, Heinz
				and Billmann, Meik
				and Boss, Birgit
				and Braunmandl, Andre
				and Clauer, Erich			
				and Deppe, Torben
				and Diedrich, Christian
				and Flubacher, Björn
				and Fritsche, Wolfgang
				and Garrels, Kai
				and Graf Gatterburg, Andreas
				and Hankel, Martin
				and Hillermeier, Oliver
				and Hoffmeister, Michael
				and Jochem, Michael
				and Kogan, Yevgen
				and Koziolek, Heiko
				and Ziesche, Constantin
	},
			
	title = {Details of the Asset Administration Shell. Part1 - The exchange of information between partners in the value chain of Industrie 4.0 (Version 2.0)},
	publisher = {Federal Ministry for Economic Affairs and Energy (BMWi), Berlin},
	year = {2019},
}

@article{ye2019aas,
	author		=	{X. {Ye}
				and S. H. {Hong}
	},
	title		=	{Toward Industry 4.0 Components: Insights Into and Implementation of Asset Administration Shells},
	journal		=	{IEEE Industrial Electronics Magazine},
	year		=	{2019},
	volume		=	{13},
	number		=	{1},
	pages		=	{13-25},
	doi			=	{10.1109/MIE.2019.2893397},
	ISSN		=	{1941-0115},
	month		=	{March},
}

@misc{zvei2019aas,
	author		=	{ZVEI},
	title		=	{The Asset Administration Shell: Implementing Digital Twins for Use in Industrie 4.0 - Making Industrie 4.0 components interoperable},
	publisher	=	{ZVEI e.V. - Die Elektroindustrie},
	year		=	{2019},
	url 		=	{https://www.plattform-i40.de/PI40/Redaktion/DE/Downloads/Publikation/VWSiD%20V2.0.pdf},
}

@article{bedenbender2017aasexamples,
	author		=	{Bedenbender, Heinz
				and Billmann, Meik
				and Epple, Ulrich
				and Hadlich, Thomas
				and Hankel, Martin
				and Heidel, Roland
				and Hillermeier, Oliver
				and Hoffmeister, Michael
				and Huhle, Haimo
				and Jochem, Michael
				},
	title		=	{Examples of the Asset Administration Shell for Industrie 4.0 Components - Basic Part},
	journal		=	{ZVEI White Paper},
	year		=	{2017}
}

@misc{germany2018ramistandardization,
	author		=	{Germany},
	title		=	{The Reference Architectural Model RAMI4.0 and the Standardization Council as an element of success for Industry 4.0},
	publisher	=	{Standardization Council Industrie 4.0},
	year		=	{2018},
	url 		=	{https://www.din.de/blob/271306/340011c12b8592df728bee3815ef6ec2/06-smart-manufacturing-jens-gayko-data.pdf},
}